@misc{python_tutorial_es,
    title        = {El tutorial de Python},
    author       = {{Python Software Foundation}},
    year         = {2024},
    url          = {https://docs.python.org/es/3.13/tutorial/index.html},
    note         = {Documentación oficial de Python 3.13 en español},
    urldate      = {2025-07-16},
    organization = {Python Software Foundation}
}

@misc{python_docs_es,
    title        = {Documentación de Python},
    author       = {{Python Software Foundation}},
    year         = {2024},
    url          = {https://docs.python.org/es/3.13/},
    note         = {Documentación oficial de Python 3.13 en español},
    urldate      = {2025-07-16},
    organization = {Python Software Foundation}
}

@misc{python_pep8,
    title        = {PEP 8 -- Gu{\'i}a de estilo para c{\'o}digo Python},
    author       = {{Python Software Foundation}},
    year         = {2024},
    url          = {https://peps.python.org/pep-0008/},
    note         = {Gu{\'i}a de estilo oficial de Python},
    urldate      = {2025-07-16},
    organization = {Python Software Foundation}
}

@book{python_diveintopython3,
    title     = {Dive Into Python 3},
    author    = {Pilgrim, Mark},
    year      = {2009},
    publisher = {Apress},
    address   = {New York},
    isbn      = {9781430219484},
    url       = {https://diveintopython3.net/}
}